@article{amit1999computational,
	author = "Amit, Yali and Geman, Donald",
	journal = "Neural computation",
	number = "7",
	pages = "1691--1715",
	publisher = "MIT Press",
	title = "A computational model for visual selection",
	volume = "11",
	year = "1999"
}

@article{crow1984summed,
	author = "Crow, Franklin C",
	journal = "ACM SIGGRAPH computer graphics",
	number = "3",
	pages = "207--212",
	publisher = "ACM",
	title = "Summed-area tables for texture mapping",
	volume = "18",
	year = "1984"
}

@article{fleuret2001coarse,
	author = "Fleuret, Francois and Geman, Donald",
	journal = "International Journal of computer vision",
	number = "1",
	pages = "85--107",
	publisher = "Springer",
	title = "Coarse-to-fine face detection",
	volume = "41",
	year = "2001"
}

@misc{freeman1991design,
	author = "Freeman, Willaim T and Edward, H Adelsan",
	publisher = "September",
	title = "The design and use of steerable filters. ieee transaction on pattern analysis and machine intelligence, 13 (9): 981--906",
	year = "1991"
}

@inproceedings{freund1995desicion,
	author = "Freund, Yoav and Schapire, Robert E",
	booktitle = "European conference on computational learning theory",
	organization = "Springer",
	pages = "23--37",
	title = "A desicion-theoretic generalization of on-line learning and an application to boosting",
	year = "1995"
}

@article{greenspan1994overcomplete,
	author = "Greenspan, Hayit and Belongie, Serge and Goodman, Rodney and Perona, Pietro and Rakshit, Subrata and Anderson, Charles H",
	publisher = "IEEE Computer Society Press",
	title = "Overcomplete steerable pyramid filters and rotation invariance",
	year = "1994"
}

@article{itti1998model,
	author = "Itti, Laurent and Koch, Christof and Niebur, Ernst",
	journal = "IEEE Transactions on pattern analysis and machine intelligence",
	number = "11",
	pages = "1254--1259",
	publisher = "IEEE",
	title = "A model of saliency-based visual attention for rapid scene analysis",
	volume = "20",
	year = "1998"
}

@inproceedings{john1994irrelevant,
	author = "John, George H and Kohavi, Ron and Pfleger, Karl and others",
	booktitle = "Machine learning: proceedings of the eleventh international conference",
	pages = "121--129",
	title = "Irrelevant features and the subset selection problem",
	year = "1994"
}

@inproceedings{osuna1997training,
	author = "Osuna, Edgar and Freund, Robert and Girosit, Federico",
	booktitle = "Computer vision and pattern recognition, 1997. Proceedings., 1997 IEEE computer society conference on",
	organization = "IEEE",
	pages = "130--136",
	title = "Training support vector machines: an application to face detection",
	year = "1997"
}

@inproceedings{osuna1997training,
	author = "Osuna, Edgar and Freund, Robert and Girosit, Federico",
	booktitle = "Computer vision and pattern recognition, 1997. Proceedings., 1997 IEEE computer society conference on",
	organization = "IEEE",
	pages = "130--136",
	title = "Training support vector machines: an application to face detection",
	year = "1997"
}

@inproceedings{papageorgiou1998general,
	author = "Papageorgiou, Constantine P and Oren, Michael and Poggio, Tomaso",
	booktitle = "Computer vision, 1998. sixth international conference on",
	organization = "IEEE",
	pages = "555--562",
	title = "A general framework for object detection",
	year = "1998"
}

@article{quinlan1986induction,
	author = "Quinlan, J. Ross",
	journal = "Machine learning",
	number = "1",
	pages = "81--106",
	publisher = "Springer",
	title = "Induction of decision trees",
	volume = "1",
	year = "1986"
}

@inproceedings{yang2000snow,
	author = "Yang, Ming-Hsuan and Roth, Dan and Ahuja, Narendra",
	booktitle = "Advances in neural information processing systems",
	pages = "862--868",
	title = "A SNoW-based face detector",
	year = "2000"
}

@article{rowley1998neural,
	author = "Rowley, Henry A and Baluja, Shumeet and Kanade, Takeo",
	journal = "IEEE Transactions on pattern analysis and machine intelligence",
	number = "1",
	pages = "23--38",
	publisher = "IEEE",
	title = "Neural network-based face detection",
	volume = "20",
	year = "1998"
}

@article{schapire1998boosting,
	author = "Schapire, Robert E and Freund, Yoav and Bartlett, Peter and Lee, Wee Sun and others",
	journal = "The annals of statistics",
	number = "5",
	pages = "1651--1686",
	publisher = "Institute of Mathematical Statistics",
	title = "Boosting the margin: A new explanation for the effectiveness of voting methods",
	volume = "26",
	year = "1998"
}

@article{schapire1998boosting,
	author = "Schapire, Robert E and Freund, Yoav and Bartlett, Peter and Lee, Wee Sun and others",
	journal = "The annals of statistics",
	number = "5",
	pages = "1651--1686",
	publisher = "Institute of Mathematical Statistics",
	title = "Boosting the margin: A new explanation for the effectiveness of voting methods",
	volume = "26",
	year = "1998"
}

@inproceedings{schneiderman2000statistical,
	author = "Schneiderman, Henry and Kanade, Takeo",
	booktitle = "Computer Vision and Pattern Recognition, 2000. Proceedings. IEEE Conference on",
	organization = "IEEE",
	pages = "746--751",
	title = "A statistical method for 3D object detection applied to faces and cars",
	volume = "1",
	year = "2000"
}

@inproceedings{simard1999boxlets,
	author = "Simard, Patrice and Bottou, L{\'e}on and Haffner, Patrick and LeCun, Yann",
	booktitle = "Advances in Neural Information Processing Systems",
	pages = "571--577",
	title = "Boxlets: a fast convolution algorithm for signal processing and neural networks",
	year = "1999"
}

@article{sung1998example,
	author = "Sung, K-K and Poggio, Tomaso",
	journal = "IEEE Transactions on pattern analysis and machine intelligence",
	number = "1",
	pages = "39--51",
	publisher = "IEEE",
	title = "Example-based learning for view-based human face detection",
	volume = "20",
	year = "1998"
}

@article{tieu2004boosting,
	author = "Tieu, Kinh and Viola, Paul",
	journal = "International Journal of Computer Vision",
	number = "1-2",
	pages = "17--36",
	publisher = "Springer",
	title = "Boosting image retrieval",
	volume = "56",
	year = "2004"
}

@article{tsotsos1995modeling,
	author = "Tsotsos, John K and Culhane, Scan M and Wai, Winky Yan Kei and Lai, Yuzhong and Davis, Neal and Nuflo, Fernando",
	journal = "Artificial intelligence",
	number = "1-2",
	pages = "507--545",
	publisher = "Elsevier",
	title = "Modeling visual attention via selective tuning",
	volume = "78",
	year = "1995"
}

@book{webb2003statistical,
	author = "Webb, Andrew R",
	publisher = "John Wiley \& Sons",
	title = "Statistical pattern recognition",
	year = "2003"
}

